<record><leader>00000cas a2200000 a 4500</leader><controlfield tag="001">22378049</controlfield><controlfield tag="008">900914d19011902iludn ne      0    0eng c</controlfield><datafield ind1=" " ind2=" " tag="010"><subfield code="a">sn 90054554 </subfield></datafield><datafield ind1=" " ind2=" " tag="040"><subfield code="a">NVF</subfield><subfield code="b">eng</subfield><subfield code="c">NVF</subfield><subfield code="d">OCLCQ</subfield><subfield code="d">OCLCF</subfield><subfield code="d">NVF</subfield><subfield code="d">OCLCO</subfield></datafield><datafield ind1="1" ind2=" " tag="029"><subfield code="a">AU@</subfield><subfield code="b">000020631322</subfield></datafield><datafield ind1=" " ind2=" " tag="042"><subfield code="a">pcc</subfield></datafield><datafield ind1=" " ind2=" " tag="043"><subfield code="a">n-us-il</subfield></datafield><datafield ind1="0" ind2=" " tag="130"><subfield code="a">Daily journal (El Paso, Ill.)</subfield></datafield><datafield ind1="1" ind2="4" tag="245"><subfield code="a">The daily journal.</subfield></datafield><datafield ind1=" " ind2=" " tag="260"><subfield code="a">El Paso, Ill. :</subfield><subfield code="b">Curtiss &amp; Evans,</subfield><subfield code="c">1901-1902.</subfield></datafield><datafield ind1=" " ind2=" " tag="300"><subfield code="a">v.</subfield></datafield><datafield ind1=" " ind2=" " tag="310"><subfield code="a">Daily (during the annual El Paso Fair)</subfield></datafield><datafield ind1="0" ind2=" " tag="362"><subfield code="a">37th year, no. 23 (Sept. 10, 1901)-38th year, no. 24 (Sept. 12, 1902) = whole no. 1901-no. 1954.</subfield></datafield><datafield ind1=" " ind2=" " tag="580"><subfield code="a">Weekly ed.: El Paso journal (El Paso, Ill. : 1873).</subfield></datafield><datafield ind1=" " ind2="0" tag="651"><subfield code="a">El Paso (Ill.)</subfield><subfield code="v">Newspapers.</subfield></datafield><datafield ind1=" " ind2="0" tag="650"><subfield code="a">Agricultural exhibitions</subfield><subfield code="z">Illinois</subfield><subfield code="z">El Paso</subfield><subfield code="v">Newspapers.</subfield></datafield><datafield ind1=" " ind2="7" tag="650"><subfield code="a">Agricultural exhibitions.</subfield><subfield code="2">fast</subfield><subfield code="0">(OCoLC)fst00800761</subfield></datafield><datafield ind1=" " ind2="7" tag="651"><subfield code="a">Illinois</subfield><subfield code="z">El Paso.</subfield><subfield code="2">fast</subfield><subfield code="0">(OCoLC)fst01217736</subfield></datafield><datafield ind1=" " ind2="7" tag="655"><subfield code="a">Newspapers.</subfield><subfield code="2">fast</subfield><subfield code="0">(OCoLC)fst01423814</subfield></datafield><datafield ind1=" " ind2=" " tag="752"><subfield code="a">United States</subfield><subfield code="b">Illinois</subfield><subfield code="c">Woodford</subfield><subfield code="d">El Paso.</subfield></datafield><datafield ind1="1" ind2=" " tag="775"><subfield code="t">El Paso journal (El Paso, Ill. : 1873)</subfield><subfield code="w">(DLC)sn 84038432</subfield><subfield code="w">(OCoLC)11310152</subfield></datafield><datafield ind1="0" ind2="0" tag="780"><subfield code="t">El Paso journal (El Paso, Ill. : 1898)</subfield><subfield code="w">(DLC)sn 90054658</subfield><subfield code="w">(OCoLC)22377897</subfield></datafield><datafield ind1="0" ind2="0" tag="785"><subfield code="t">Daily fair journal (El Paso, Ill.)</subfield><subfield code="w">(DLC)sn 90054559</subfield><subfield code="w">(OCoLC)22378099</subfield></datafield></record>